<?xml version = "1.0" encoding = "UTF-8"?><OAI-PMH xmlns="http://www.openarchives.org/OAI/2.0/" xmlns:xsi="http://www.w3.org/2001/XMLSchema-instance" xsi:schemaLocation="http://www.openarchives.org/OAI/2.0/ http://www.openarchives.org/OAI/2.0/OAI-PMH.xsd"><ListRecords><record><header><identifier>aleph-publish:003904177</identifier></header><metadata><record xmlns="http://www.ddb.de/professionell/mabxml/mabxml-1.xsd"><leader>00541vM2.01200024------h</leader><controlfield tag="LDR">00541vM2.01200024------h</controlfield><controlfield tag="FMT">MH</controlfield><datafield tag="001" ind1="-" ind2="1"><subfield code="a">HT009520774</subfield></datafield><datafield tag="002" ind1="a" ind2="1"><subfield code="a">19990109</subfield></datafield><datafield tag="003" ind1="-" ind2="1"><subfield code="a">20020111</subfield></datafield><controlfield tag="030">a|1uc||||||37</controlfield><datafield tag="036" ind1="a" ind2="1"><subfield code="a">DE</subfield></datafield><datafield tag="037" ind1="b" ind2="1"><subfield code="a">ger</subfield></datafield><controlfield tag="050">a|||||||||||||</controlfield><controlfield tag="051">m|||||||</controlfield><datafield tag="070" ind1="-" ind2="1"><subfield code="a">836</subfield></datafield><datafield tag="070" ind1="b" ind2="1"><subfield code="a">HBZ/Red</subfield></datafield><datafield tag="080" ind1="-" ind2="1"><subfield code="a">60</subfield></datafield><datafield tag="100" ind1="b" ind2="1"><subfield code="p">Steeg, Helga</subfield><subfield code="d">1927-</subfield><subfield code="9">(DE-588)173097391</subfield></datafield><datafield tag="200" ind1="b" ind2="1"><subfield code="k">International Energy Agency</subfield><subfield code="9">(DE-588)114056-5</subfield></datafield><datafield tag="201" ind1="-" ind2="1"><subfield code="k">IEA</subfield></datafield><datafield tag="201" ind1="-" ind2="1"><subfield code="k">Agence Internationale de l&apos;Energie</subfield></datafield><datafield tag="201" ind1="-" ind2="1"><subfield code="k">AIE</subfield></datafield><datafield tag="201" ind1="-" ind2="1"><subfield code="k">Internationale Energieagentur</subfield></datafield><datafield tag="201" ind1="-" ind2="1"><subfield code="k">Meždunarodnoe Ėnergetičeskoe Obščestvo</subfield></datafield><datafield tag="304" ind1="a" ind2="1"><subfield code="a">Climate change, policy initiatives &lt;dt.&gt;</subfield></datafield><datafield tag="331" ind1="-" ind2="1"><subfield code="a">Klimawandel</subfield></datafield><datafield tag="335" ind1="-" ind2="1"><subfield code="a">das Engagement der Regierungen</subfield></datafield><datafield tag="359" ind1="-" ind2="1"><subfield code="a">[Internationale Energie-Agentur. Helga Steeg.]</subfield></datafield><datafield tag="410" ind1="-" ind2="1"><subfield code="a">Düsseldorf</subfield></datafield><datafield tag="412" ind1="-" ind2="1"><subfield code="a">Energiewirtschaft und Technik-Verl.</subfield></datafield><datafield tag="425" ind1="a" ind2="1"><subfield code="a">1993</subfield></datafield><datafield tag="433" ind1="-" ind2="1"><subfield code="a">208 S. : graph. Darst.</subfield></datafield><datafield tag="451" ind1="-" ind2="1"><subfield code="a">Serie Energie und Umwelt</subfield></datafield><datafield tag="516" ind1="-" ind2="1"><subfield code="a">Aus dem Engl. übers.</subfield></datafield><datafield tag="540" ind1="a" ind2="1"><subfield code="a">3-925349-14-6</subfield></datafield><controlfield tag="SYS">003904177</controlfield><datafield tag="LOW" ind1="-" ind2="1"><subfield code="a">M5001</subfield></datafield><datafield tag="088" ind1=" " ind2=" "><subfield code="a">836</subfield><subfield code="b">00001004</subfield><subfield code="c">MSE 8</subfield><subfield code="e">keine ILL</subfield></datafield><datafield tag="088" ind1=" " ind2=" "><subfield code="a">836</subfield><subfield code="b">00001004</subfield><subfield code="c">MSE 8+1</subfield><subfield code="e">ILL Ausleihe</subfield></datafield><datafield tag="088" ind1=" " ind2=" "><subfield code="a">836</subfield><subfield code="b">00001004</subfield><subfield code="c">MSE 8+2</subfield><subfield code="e">ILL Ausleihe</subfield></datafield><datafield tag="088" ind1=" " ind2=" "><subfield code="a">385/823</subfield><subfield code="b">823</subfield><subfield code="c">40A37</subfield><subfield code="e">Präsenzbestand</subfield></datafield></record></metadata></record></ListRecords></OAI-PMH>